% !Mode:: "TeX:UTF-8"

@article{张方国2016从双线性对到多线性映射,
  title={从双线性对到多线性映射},
  author={张方国},
  journal={密码学报},
  volume={3},
  number={3},
  pages={211--228},
  year={2016}
}

@inproceedings{camenisch1997efficient,
  title={Efficient group signature schemes for large groups},
  author={Camenisch, Jan and Stadler, Markus},
  booktitle={Annual International Cryptology Conference},
  pages={410--424},
  year={1997},
  organization={Springer}
}

@inproceedings{el2002security,
  title={Security issues in a future vehicular network},
  author={El Zarki, Magda and Mehrotra, Sharad and Tsudik, Gene and Venkatasubramanian, Nalini and others},
  booktitle={European Wireless},
  volume={2},
  year={2002}
}
@article{petit2015pseudonym,
  title={Pseudonym schemes in vehicular networks: A survey},
  author={Petit, Jonathan and Schaub, Florian and Feiri, Michael and Kargl, Frank},
  journal={IEEE Communications Surveys \& Tutorials},
  volume={17},
  number={1},
  pages={228--255},
  year={2015},
  publisher={IEEE}
}
@inproceedings{wiedersheim2010privacy,
  title={Privacy in inter-vehicular networks: Why simple pseudonym change is not enough},
  author={Wiedersheim, Bj{\"o}rn and Ma, Zhendong and Kargl, Frank and Papadimitratos, Panos},
  booktitle={2010 Seventh International Conference on Wireless On-demand Network Systems and Services (WONS)},
  pages={176--183},
  year={2010},
  organization={IEEE}
}
@article{张建明2012车辆自组网的位置隐私保护技术研究,
  title={车辆自组网的位置隐私保护技术研究},
  author={张建明 and 赵玉娟 and 江浩斌 and 贾雪丹 and 王良民},
  journal={通信学报},
  volume={33},
  number={8},
  pages={180--189},
  year={2012}
}
@inproceedings{jemaa2017study,
  title={Study of the impact of pseudonym change mechanisms on vehicular safety},
  author={Jemaa, Ines Ben and Kaiser, Arnaud and Lonc, Brigitte},
  booktitle={Vehicular Networking Conference (VNC), 2017 IEEE},
  pages={259--262},
  year={2017},
  organization={IEEE}
}
@article{ying2013dynamic,
  title={Dynamic mix-zone for location privacy in vehicular networks},
  author={Ying, Bidi and Makrakis, Dimitrios and Mouftah, Hussein T},
  journal={IEEE Communications Letters},
  volume={17},
  number={8},
  pages={1524--1527},
  year={2013},
  publisher={IEEE}
}
@article{lu2012pseudonym,
  title={Pseudonym changing at social spots: An effective strategy for location privacy in vanets},
  author={Lu, Rongxing and Lin, Xiaodong and Luan, Tom H and Liang, Xiaohui and Shen, Xuemin},
  journal={IEEE Transactions on Vehicular Technology},
  volume={61},
  number={1},
  pages={86--96},
  year={2012},
  publisher={IEEE}
}
@article{hao2011distributed,
  title={A distributed key management framework with cooperative message authentication in VANETs},
  author={Hao, Yong and Cheng, Yu and Zhou, Chi and Song, Wei},
  journal={IEEE Journal on Selected Areas in Communications},
  volume={29},
  number={3},
  pages={616--629},
  year={2011},
  publisher={IEEE}
}
@article{park2011rsu,
  title={RSU-based distributed key management (RDKM) for secure vehicular multicast communications},
  author={Park, Min-Ho and Gwon, Gi-Poong and Seo, Seung-Woo and Jeong, Han-You},
  journal={IEEE Journal on Selected Areas in Communications},
  volume={29},
  number={3},
  pages={644--658},
  year={2011},
  publisher={IEEE}
}
@inproceedings{choi2005balancing,
  title={Balancing auditability and privacy in vehicular networks},
  author={Choi, Jong Youl and Jakobsson, Markus and Wetzel, Susanne},
  booktitle={Proceedings of the 1st ACM International Workshop on Quality of Service \& Security in Wireless and Mobile Networks},
  pages={79--87},
  year={2005},
  organization={ACM}
}
@inproceedings{xiong2010efficient,
  title={Efficient and spontaneous privacy-preserving protocol for secure vehicular communication},
  author={Xiong, Hu and Beznosov, Konstantin and Qin, Zhiguang and Ripeanu, Matei},
  booktitle={2010 IEEE International Conference on Communications},
  pages={1--6},
  year={2010},
  organization={IEEE}
}
@article{chaurasia2011conditional,
  title={Conditional privacy through ring signature in vehicular ad-hoc networks},
  author={Chaurasia, Brijesh Kumar and Verma, Shekhar},
  journal={Transactions on Computational Science XIII},
  volume={6750},
  pages={147},
  year={2011},
  publisher={Springer Science \& Business Media}
}
@article{zeng2015privacy,
  title={Privacy-preserving communication for VANETs with conditionally anonymous ring signature},
  author={Zeng, Shengke and Huang, Yuan and Liu, Xingwei},
  journal={International Journal of Network Security},
  volume={17},
  number={2},
  pages={135--141},
  year={2015},
  publisher={捷頂科技有限公司}
}

@article{chaum1985security,
  title={Security without identification: Transaction systems to make big brother obsolete},
  author={Chaum, David},
  journal={Communications of the ACM},
  volume={28},
  number={10},
  pages={1030--1044},
  year={1985},
  publisher={ACM}
}

@inproceedings{chaum1986secure,
  title={A secure and privacy-protecting protocol for transmitting personal information between organizations},
  author={Chaum, David and Evertse, Jan-Hendrik},
  booktitle={Conference on the Theory and Application of Cryptographic Techniques},
  pages={118--167},
  year={1986},
  organization={Springer}
}

@article{张严2012匿名凭证方案研究进展,
  title={匿名凭证方案研究进展},
  author={张严 and 张立武},
  journal={信息网络安全},
  number={1},
  pages={0--0},
  year={2012}
}

@inproceedings{camenisch2001efficient,
  title={An efficient system for non-transferable anonymous credentials with optional anonymity revocation},
  author={Camenisch, Jan and Lysyanskaya, Anna},
  booktitle={International Conference on the Theory and Applications of Cryptographic Techniques},
  pages={93--118},
  year={2001},
  organization={Springer}
}

@inproceedings{lysyanskaya1999pseudonym,
  title={Pseudonym systems},
  author={Lysyanskaya, Anna and Rivest, Ronald L and Sahai, Amit and Wolf, Stefan},
  booktitle={International Workshop on Selected Areas in Cryptography},
  pages={184--199},
  year={1999},
  organization={Springer}
}

@inproceedings{chen1996access,
  title={Access with pseudonyms},
  author={Chen, Lidong},
  booktitle={Cryptography: Policy and Algorithms},
  pages={232--243},
  year={1996},
  organization={Springer}
}

@inproceedings{camenisch2002design,
  title={Design and implementation of the idemix anonymous credential system},
  author={Camenisch, Jan and Van Herreweghen, Els},
  booktitle={Proceedings of the 9th ACM conference on Computer and Communications Security},
  pages={21--30},
  year={2002},
  organization={ACM}
}

@book{brands2000rethinking,
  title={Rethinking public key infrastructures and digital certificates: building in privacy},
  author={Brands, Stefan},
  year={2000},
  publisher={Mit Press}
}

@article{paquin2011u,
  title={U-prove cryptographic specification v1. 1},
  author={Paquin, Christian and Zaverucha, Greg},
  journal={Technical Report, Microsoft Corporation},
  year={2011}
}

@inproceedings{boneh2001short,
  title={Short signatures from the Weil pairing},
  author={Boneh, Dan and Lynn, Ben and Shacham, Hovav},
  booktitle={International Conference on the Theory and Application of Cryptology and Information Security},
  pages={514--532},
  year={2001},
  organization={Springer}
}

@inproceedings{camenisch2004signature,
  title={Signature schemes and anonymous credentials from bilinear maps},
  author={Camenisch, Jan and Lysyanskaya, Anna},
  booktitle={Annual International Cryptology Conference},
  pages={56--72},
  year={2004},
  organization={Springer}
}

@inproceedings{blanton2008online,
  title={Online subscriptions with anonymous access},
  author={Blanton, Marina},
  booktitle={Proceedings of the 2008 ACM Symposium on Information, Computer and Communications Security},
  pages={217--227},
  year={2008},
  organization={ACM}
}

@inproceedings{okamoto2006efficient,
  title={Efficient blind and partially blind signatures without random oracles},
  author={Okamoto, Tatsuaki},
  booktitle={Theory of Cryptography Conference},
  pages={80--99},
  year={2006},
  organization={Springer}
}

@inproceedings{akagi2008efficient,
  title={An efficient anonymous credential system},
  author={Akagi, Norio and Manabe, Yoshifumi and Okamoto, Tatsuaki},
  booktitle={International Conference on Financial Cryptography and Data Security},
  pages={272--286},
  year={2008},
  organization={Springer}
}

@inproceedings{fiat1986prove,
  title={How to prove yourself: Practical solutions to identification and signature problems},
  author={Fiat, Amos and Shamir, Adi},
  booktitle={Conference on the Theory and Application of Cryptographic Techniques},
  pages={186--194},
  year={1986},
  organization={Springer}
}

@inproceedings{groth2008efficient,
  title={Efficient non-interactive proof systems for bilinear groups},
  author={Groth, Jens and Sahai, Amit},
  booktitle={Annual International Conference on the Theory and Applications of Cryptographic Techniques},
  pages={415--432},
  year={2008},
  organization={Springer}
}

@inproceedings{belenkiy2008p,
  title={P-signatures and noninteractive anonymous credentials},
  author={Belenkiy, Mira and Chase, Melissa and Kohlweiss, Markulf and Lysyanskaya, Anna},
  booktitle={Theory of Cryptography Conference},
  pages={356--374},
  year={2008},
  organization={Springer}
}

@inproceedings{belenkiy2009randomizable,
  title={Randomizable proofs and delegatable anonymous credentials},
  author={Belenkiy, Mira and Camenisch, Jan and Chase, Melissa and Kohlweiss, Markulf and Lysyanskaya, Anna and Shacham, Hovav},
  booktitle={Advances in Cryptology-CRYPTO 2009},
  pages={108--125},
  year={2009},
  publisher={Springer}
}

@inproceedings{sabouri2012attribute,
  title={Attribute-based credentials for trust (ABC4Trust)},
  author={Sabouri, Ahmad and Krontiris, Ioannis and Rannenberg, Kai},
  booktitle={International Conference on Trust, Privacy and Security in Digital Business},
  pages={218--219},
  year={2012},
  organization={Springer}
}

@inproceedings{camenisch2009accumulator,
  title={An accumulator based on bilinear maps and efficient revocation for anonymous credentials},
  author={Camenisch, Jan and Kohlweiss, Markulf and Soriente, Claudio},
  booktitle={International Workshop on Public Key Cryptography},
  pages={481--500},
  year={2009},
  organization={Springer}
}

@article{fuchsbauer2018structure,
  title={Structure-preserving signatures on equivalence classes and constant-size anonymous credentials},
  author={Fuchsbauer, Georg and Hanser, Christian and Slamanig, Daniel},
  journal={Journal of Cryptology},
  pages={1--49},
  year={2018},
  publisher={Springer}
}

@inproceedings{garman2014decentralized,
  title={Decentralized Anonymous Credentials.},
  author={Garman, Christina and Green, Matthew and Miers, Ian},
  booktitle={NDSS},
  year={2014},
  organization={Citeseer}
}

@inproceedings{bichsel2009anonymous,
  title={Anonymous credentials on a standard java card},
  author={Bichsel, Patrik and Camenisch, Jan and Gro{\ss}, Thomas and Shoup, Victor},
  booktitle={Proceedings of the 16th ACM Conference on Computer and Communications Security},
  pages={600--610},
  year={2009},
  organization={ACM}
}

@inproceedings{chow2005efficient,
  title={Efficient identity based ring signature},
  author={Chow, Sherman SM and Yiu, Siu-Ming and Hui, Lucas CK},
  booktitle={International Conference on Applied Cryptography and Network Security},
  pages={499--512},
  year={2005},
  organization={Springer}
}

@article{rivest1978method,
  title={A method for obtaining digital signatures and public-key cryptosystems},
  author={Rivest, Ronald L and Shamir, Adi and Adleman, Leonard},
  journal={Communications of the ACM},
  volume={21},
  number={2},
  pages={120--126},
  year={1978},
  publisher={ACM}
}

@inproceedings{boneh2001identity,
  title={Identity-based encryption from the Weil pairing},
  author={Boneh, Dan and Franklin, Matt},
  booktitle={Annual International Cryptology Conference},
  pages={213--229},
  year={2001},
  organization={Springer}
}

@inproceedings{rivest2001leak,
  title={How to leak a secret},
  author={Rivest, Ronald L and Shamir, Adi and Tauman, Yael},
  booktitle={International Conference on the Theory and Application of Cryptology and Information Security},
  pages={552--565},
  year={2001},
  organization={Springer}
}

@inproceedings{chaum1991group,
  title={Group signatures},
  author={Chaum, David and Van Heyst, Eug{\`e}ne},
  booktitle={Workshop on the Theory and Application of of Cryptographic Techniques},
  pages={257--265},
  year={1991},
  organization={Springer}
}

@inproceedings{vullers2013efficient,
  title={Efficient selective disclosure on smart cards using idemix},
  author={Vullers, Pim and Alp{\'a}r, Gergely},
  booktitle={IFIP Working Conference on Policies and Research in Identity Management},
  pages={53--67},
  year={2013},
  organization={Springer}
}

@inproceedings{neven2017privacy,
  title={Privacy-preserving attribute-based credentials in cooperative intelligent transport systems},
  author={Neven, Gregory and Baldini, Gianmarco and Camenisch, Jan and Neisse, Ricardo},
  booktitle={2017 IEEE Vehicular Networking Conference (VNC)},
  pages={131--138},
  year={2017},
  organization={IEEE}
}

@article{de2017assessment,
  title={Assessment of attribute-based credentials for privacy-preserving road traffic services in smart cities},
  author={De Fuentes, Jos{\'e} Mar{\'\i}a and Gonz{\'a}lez-Manzano, Lorena and Serna-Olvera, Jetzabel and Veseli, Fatbardh},
  journal={Personal and Ubiquitous Computing},
  volume={21},
  number={5},
  pages={869--891},
  year={2017},
  publisher={Springer-Verlag}
}

@article{viejo2019secure,
  title={Secure and privacy-preserving orchestration and delivery of fog-enabled IoT services},
  author={Viejo, Alexandre and S{\'a}nchez, David},
  journal={Ad Hoc Networks},
  volume={82},
  pages={113--125},
  year={2019},
  publisher={Elsevier}
}

@article{yang2019lightweight,
  title={A lightweight authentication scheme for vehicular ad hoc networks based on MSR},
  author={Yang, Xu and Yi, Xun and Khalil, Ibrahim and Zeng, Yali and Huang, Xinyi and Nepal, Surya and Yang, Xuechao and Cui, Hui},
  journal={Vehicular Communications},
  volume={15},
  pages={16--27},
  year={2019},
  publisher={Elsevier}
}

@article{胡江红2017可证明安全的基于证书聚合签名方案,
author={胡江红 and 杜红珍 and 张建中},
title={可证明安全的基于证书聚合签名方案},
journal={数学的实践与认识},
year={2017},
volume={47},
number={3},
pages={128-135},
month={6},
}

@article{柳欣2016基于DAA-A的改进可授权电子现金系统,
author={柳欣 and 张波},
title={基于DAA-A的改进可授权电子现金系统},
journal={计算机研究与发展},
year={2016},
volume={53},
number={10},
pages={2411-2428},
month={11},
}

@article{柳欣2016基于DAA的轻量级多商家多重息票系统,
author={柳欣 and 徐秋亮 and 张波},
title={基于DAA的轻量级多商家多重息票系统},
journal={通信学报},
year={2016},
volume={37},
number={9},
pages={30-45},
month={11},
}

@article{tzeng2017enhancing,
  title={Enhancing security and privacy for identity-based batch verification scheme in VANETs},
  author={Tzeng, Shiang-Feng and Horng, Shi-Jinn and Li, Tianrui and Wang, Xian and Huang, Po-Hsian and Khan, Muhammad Khurram},
  journal={IEEE Transactions on Vehicular Technology},
  volume={66},
  number={4},
  pages={3235--3248},
  year={2017},
  publisher={IEEE}
}

@article{lee2013toward,
  title={Toward a secure batch verification with group testing for VANET},
  author={Lee, Cheng-Chi and Lai, Yan-Ming},
  journal={Wireless Networks},
  volume={19},
  number={6},
  pages={1441--1449},
  year={2013},
  publisher={Springer}
}

@article{charm13,
  year={2013},
  issn={2190-8508},
  journal={Journal of Cryptographic Engineering},
  volume={3},
  number={2},
  doi={10.1007/s13389-013-0057-3},
  title={Charm: a framework for rapidly prototyping cryptosystems},
  url={http://dx.doi.org/10.1007/s13389-013-0057-3},
  publisher={Springer-Verlag},
  keywords={Applied cryptography; Protocols; Software; Privacy},
  author={Akinyele, Joseph A. and Garman, Christina and Miers, Ian 
          and Pagano, Matthew W. and Rushanan, Michael 
          and Green, Matthew and Rubin, Aviel D.},
  pages={111-128},
}

@inproceedings{blomer2018delegatable,
  title={Delegatable attribute-based anonymous credentials from dynamically malleable signatures},
  author={Bl{\"o}mer, Johannes and Bobolz, Jan},
  booktitle={International Conference on Applied Cryptography and Network Security},
  pages={221--239},
  year={2018},
  organization={Springer}
}

@inproceedings{joux2000one,
  title={A one round protocol for tripartite Diffie--Hellman},
  author={Joux, Antoine},
  booktitle={International Algorithmic Number Theory Symposium},
  pages={385--393},
  year={2000},
  organization={Springer}
}

@article{goldwasser1989knowledge,
  title={The knowledge complexity of interactive proof systems},
  author={Goldwasser, Shafi and Micali, Silvio and Rackoff, Charles},
  journal={SIAM Journal on Computing},
  volume={18},
  number={1},
  pages={186--208},
  year={1989},
  publisher={SIAM}
}

@inproceedings{shamir1984identity,
  title={Identity-based cryptosystems and signature schemes},
  author={Shamir, Adi},
  booktitle={Workshop on the Theory and Application of Cryptographic Techniques},
  pages={47--53},
  year={1984},
  organization={Springer}
}

@article{fuller2019big,
  title={Big data and the Facebook scandal: Issues and responses},
  author={Fuller, Michael},
  journal={Theology},
  volume={122},
  number={1},
  pages={14--21},
  year={2019},
  publisher={SAGE Publications Sage UK: London, England}
}

@inproceedings{krawczyk2001order,
  title={The order of encryption and authentication for protecting communications (or: How secure is SSL?)},
  author={Krawczyk, Hugo},
  booktitle={Annual International Cryptology Conference},
  pages={310--331},
  year={2001},
  organization={Springer}
}

@inproceedings{bellare1993random,
  title={Random oracles are practical: A paradigm for designing efficient protocols},
  author={Bellare, Mihir and Rogaway, Phillip},
  booktitle={Proceedings of the 1st ACM Conference on Computer and Communications Security},
  pages={62--73},
  year={1993},
  organization={ACM}
}

@article{koblitz2015random,
  title={The random oracle model: a twenty-year retrospective},
  author={Koblitz, Neal and Menezes, Alfred J},
  journal={Designs, Codes and Cryptography},
  volume={77},
  number={2-3},
  pages={587--610},
  year={2015},
  publisher={Springer}
}

@article{diffie1976new,
  title={New directions in cryptography},
  author={Diffie, Whitfield and Hellman, Martin},
  journal={IEEE Transactions on Information Theory},
  volume={22},
  number={6},
  pages={644--654},
  year={1976},
  publisher={IEEE}
}

@inproceedings{zhang2008raise,
  title={RAISE: An efficient RSU-aided message authentication scheme in vehicular communication networks},
  author={Zhang, Chenxi and Lin, Xiaodong and Lu, Rongxing and Ho, P-H},
  booktitle={2008 IEEE International Conference on Communications},
  pages={1451--1457},
  year={2008},
  organization={IEEE}
}

@inproceedings{da2012examining,
  title={Examining privacy in vehicular ad-hoc networks},
  author={Da Silva, Daniel and Ann Kosa, Tracy and Marsh, Steve and El-Khatib, Khalil},
  booktitle={Proceedings of the Second ACM International Symposium on Design and Analysis of Intelligent Vehicular Networks and Applications},
  pages={105--110},
  year={2012},
  organization={ACM}
}

@article{de2018attribute,
  title={Attribute-based credentials for privacy-aware smart health services in ioT-based smart cities},
  author={de Fuentes, Jose Maria and Gonzalez-Manzano, Lorena and Solanas, Agusti and Veseli, Fatbardh},
  journal={Computer},
  volume={51},
  number={7},
  pages={44--53},
  year={2018},
  publisher={IEEE}
}